%% This BibTeX bibliography file was created using BibDesk.
%% https://bibdesk.sourceforge.io/

%% Created for Dave Woods at 2021-08-18 16:58:27 +0100 


%% Saved with string encoding Unicode (UTF-8) 



@book{LB2020,
	address = {Cambridge, MA.},
	author = {Luca, M. and Bazerman, M. H.},
	date-added = {2021-08-18 13:41:47 +0100},
	date-modified = {2021-08-18 13:45:30 +0100},
	publisher = {MIT Press},
	title = {The Power of Experiments: Decision Making in a Data-Driven World},
	year = {2020}}

@article{OWP2019,
	author = {Overstall, A. M. and Woods, D. C. and Parker, B. M.},
	date-added = {2019-08-26 15:54:19 +0100},
	date-modified = {2019-08-26 15:55:13 +0100},
	journal = {Journal of the American Statistical Association},
	title = {Bayesian optimal design for ordinary differential equation models with application in biological science},
	volume = {in press},
	year = {2019}}

@article{RWLE2009,
	author = {Russell, K. G. and Woods, D. C. and Lewis, S. M. and Eccleston, J. A.},
	date-added = {2018-08-19 18:10:43 +0100},
	date-modified = {2018-08-19 18:11:52 +0100},
	journal = {Statistica Sinica},
	pages = {721--730},
	title = {$D$-optimal designs for Poisson regression models},
	volume = {19},
	year = {2009}}

@article{OWA2017,
	author = {Overstall, A. M. and Woods, D. C. and Adamou, M.},
	date-added = {2018-08-19 18:01:40 +0100},
	date-modified = {2018-08-19 18:03:18 +0100},
	journal = {arXiv:1705.08096},
	title = {{acebayes}: An {R} package for {B}ayesian optimal design of experiments via approximate coordinate exchange},
	year = {2017}}

@article{KOH2001,
	author = {Kennedy, M. C. and {O'Hagan}, A.},
	date-added = {2018-08-15 15:38:18 +0100},
	date-modified = {2018-08-15 15:38:18 +0100},
	journal = {Journal of the Royal Statistical Society B},
	pages = {425--464},
	title = {Bayesian calibration of computer models (with discussion)},
	volume = {63},
	year = {2001}}

@book{SRACCGST2008,
	address = {New York},
	author = {Saltelli, A. and Ratto, M. and Andres, T. and Campolongo, F. and Cariboni, J. and Gatelli, D. and Saisana, M. and Tarantola, S.},
	date-added = {2018-08-15 15:35:12 +0100},
	date-modified = {2018-08-15 15:36:55 +0100},
	publisher = {WIley},
	title = {Global Sensitivity Analysis: The Primer},
	year = {2008}}

@article{JSW1998,
	author = {Jones and Schonlau, M. and Welch, W.J.},
	date-added = {2018-08-15 15:28:02 +0100},
	date-modified = {2018-08-15 15:29:03 +0100},
	journal = {Journal of Global Optimization},
	pages = {455--492},
	title = {Efficient global optimization of expensive black-box functions},
	volume = {13},
	year = {1998}}

@book{RW2006,
	address = {Cambridge, MA.},
	author = {Rasmussen, C. E. and Williams, C. K. I.},
	date-added = {2018-08-15 15:25:40 +0100},
	date-modified = {2018-08-15 15:25:40 +0100},
	publisher = {MIT Press},
	title = {Gaussian Processes for Machine Learning},
	year = {2006}}

@article{MBC1979,
	author = {Mc{K}ay, M. D. and Beckman, R. J. and Conover, W. J.},
	date-added = {2018-08-15 15:23:25 +0100},
	date-modified = {2018-08-15 15:23:33 +0100},
	journal = {Technometrics},
	pages = {239--245},
	title = {A comparison of three methods for selecting values of input variables in the analysis of output from a computer code},
	volume = {21},
	year = {1979}}

@article{JMY1990,
	author = {Johnson, M. E. and Moore, L. M. and Ylvisaker, D.},
	date-added = {2018-08-15 15:21:07 +0100},
	date-modified = {2018-08-15 15:21:37 +0100},
	journal = {Journal of Statistical Planning and Inference},
	pages = {131--148},
	title = {Minimax and maximin distance designs},
	volume = {26},
	year = {1990}}

@article{RDTP2014,
	author = {Ryan, E. G. and Drovandi, C. C. and Thompson, M. H. and Pettitt, A. N.},
	date-added = {2018-08-15 15:17:45 +0100},
	date-modified = {2018-08-15 15:17:45 +0100},
	journal = {Computational Statistics and Data Analysis},
	pages = {45--60},
	title = {Towards {B}ayesian experimental design for nonlinear models that require a large number of sampling times},
	volume = {70},
	year = {2014}}

@incollection{WL2017,
	address = {New York},
	author = {Woods, D. C. and Lewis, S. M.},
	booktitle = {Handbook of Uncertainty Quantification},
	date-added = {2018-08-15 15:14:10 +0100},
	date-modified = {2018-08-15 15:15:51 +0100},
	editor = {Ghanem, R. and Higdon, D. and Owhadi, H.},
	pages = {1134--1185},
	publisher = {Springer},
	title = {Design of experiments for screening},
	year = {2017}}

@article{PB1946,
	author = {Plackett, R. L. and Burman, J. P.},
	date-added = {2018-08-15 15:12:05 +0100},
	date-modified = {2018-08-15 15:12:57 +0100},
	journal = {Biometrika},
	pages = {305--325},
	title = {The design of optimum multifactorial experiments},
	volume = {33},
	year = {1946}}

@article{Cuthbert1959,
	author = {Cuthbert, D.},
	date-added = {2018-08-15 15:05:59 +0100},
	date-modified = {2018-08-15 15:07:11 +0100},
	journal = {Technometrics},
	pages = {311--341},
	title = {Use of half-normal plots in interpreting factorial two-level experiments},
	volume = {1},
	year = {1959}}

@article{MN1995,
	author = {Meyer and Nachtsheim, C. J.},
	date-added = {2018-08-15 13:26:31 +0100},
	date-modified = {2018-08-15 13:33:21 +0100},
	journal = {Technometrics},
	pages = {60--69},
	title = {The coordinate-exchange algorithm for constructing exact optimal experimental designs},
	volume = {37},
	year = {1995}}

@book{FLS2006,
	address = {Boca Raton},
	author = {Fang, {K.-T.} and Li, R. and Sudjianto, A.},
	date-added = {2018-08-13 09:38:44 +0100},
	date-modified = {2018-08-13 09:39:51 +0100},
	publisher = {Chapman and Hall/CRC Press},
	title = {Design and Modelling for Computer Experiments},
	year = {2006}}

@book{SWN2003,
	address = {New York},
	author = {Santner, T. J. and Williams, B. J. and Notz, W. I.},
	date-added = {2018-08-12 15:27:57 +0100},
	date-modified = {2021-08-18 16:58:23 +0100},
	edition = {2nd},
	publisher = {Springer},
	title = {The Design and Analysis of Computer Experiments},
	year = {2019}}

@article{MP1996,
	author = {M{\"u}ller, P. and Parmigiani, G.},
	date-added = {2018-08-10 17:33:49 +0100},
	date-modified = {2018-08-10 17:34:39 +0100},
	journal = {Journal of the American Statistical Association},
	pages = {1322--1330},
	title = {Optimal design via curve fitting of {Monte Carlo} experiments},
	volume = {90},
	year = {1996}}

@article{MSD2004,
	author = {{M{\"u}ller}, P. and Sans{\'o}, B. and {De Iorio}, M.},
	date-added = {2018-08-10 17:00:44 +0100},
	date-modified = {2018-08-10 17:03:42 +0100},
	journal = {Journal of the American Statistical Association},
	pages = {788--798},
	title = {Optimal Bayesian design by inhomogeneous Markov chain simulation},
	volume = {99},
	year = {2004}}

@inproceedings{Muller1999,
	author = {M{\"u}ller, P.},
	booktitle = {Bayesian Statistics 6},
	date-added = {2018-08-10 17:00:38 +0100},
	date-modified = {2018-08-10 17:00:38 +0100},
	editor = {J. M. Bernardo and M. J. Bayarri and J. O. Berger and A. P. Dawid and D. Heckerman and A. F. M. Smith},
	publisher = {Oxford},
	title = {Simulation-based optimal design},
	year = {1999}}

@article{HMRW2001,
	author = {Hamada, M. and Martz, H. F. and Reese, C. S. and Wilson, A. G.},
	date-added = {2018-08-10 16:57:17 +0100},
	date-modified = {2018-08-10 16:57:17 +0100},
	journal = {The American Statistician},
	pages = {175--181},
	title = {Finding near-optimal {B}ayesian experimental designs via genetic algorithms},
	volume = {55},
	year = {2001}}

@article{BMELT2018,
	author = {Beck, L. and {Mansour Dia}, B. and Espath, L. F. R. and Long, Q. and Tempone, R.},
	date-added = {2018-08-10 16:27:08 +0100},
	date-modified = {2018-08-10 16:27:08 +0100},
	journal = {Computer Methods in Applied Mechanics and Engineering},
	pages = {523--553},
	title = {Fast {B}ayesian experimental design: {L}aplace-based importance sampling for the expected information gain},
	volume = {334},
	year = {2018}}

@article{OMD2018,
	author = {Overstall, A. M. and {McGree}, J. M. and Drovandi, C. C.},
	date-added = {2018-08-10 16:26:58 +0100},
	date-modified = {2018-08-10 16:27:55 +0100},
	journal = {Statistics and Computing},
	pages = {343--358},
	title = {An approach for finding fully {B}ayesian optimal designs using normal-based approximations to loss functions},
	volume = {28},
	year = {2018}}

@article{GJS2009,
	author = {Gotwalt, C. M. and Jones, B. A. and Steinberg, D. M.},
	date-added = {2018-08-10 13:53:24 +0100},
	date-modified = {2018-08-10 13:53:30 +0100},
	journal = {Technometrics},
	pages = {88--95},
	title = {Fast computation of designs robust to parameter uncertainty for nonlinear settings},
	volume = {51},
	year = {2009}}

@article{Firth1993,
	author = {Firth, D.},
	date-added = {2018-08-09 16:00:33 +0100},
	date-modified = {2018-08-09 16:00:33 +0100},
	journal = {Biometrika},
	pages = {27--38},
	title = {Bias reduction of maximum likelihood estimates},
	volume = 80,
	year = {1993}}

@book{CR2000,
	address = {Boca Raton},
	author = {Cox, D. R. and Reid, N.},
	date-added = {2018-08-09 11:11:20 +0100},
	date-modified = {2018-08-09 11:12:20 +0100},
	publisher = {Chapman and Hall/CRC Press},
	title = {The Theory of the Design of Experiments},
	year = {2000}}

@article{DPR2015,
	author = {Dasgupta, T. and Pillai, N. S. and Rubin, D. B.},
	date-added = {2018-08-06 14:21:45 +0100},
	date-modified = {2018-08-06 14:22:58 +0100},
	journal = {Journal of the Royal Statistical Society B},
	pages = {727--753},
	title = {Causal inference from $2^k$ factorial designs by using potential outcomes},
	volume = {77},
	year = {2015}}

@article{Basu1980,
	author = {Basu, D.},
	date-added = {2018-08-06 14:20:25 +0100},
	date-modified = {2018-08-06 14:21:31 +0100},
	journal = {Journal of the American Statistical Association},
	pages = {575--582},
	title = {Randomization analysis of experimental data: the {F}isher randomization test},
	volume = {75},
	year = {1980}}

@book{Morris2011,
	address = {Boca Raton},
	author = {Morris, M. D.},
	date-added = {2018-07-22 10:27:18 +0000},
	date-modified = {2018-07-22 10:29:01 +0000},
	publisher = {Chapman and Hall/CRC Press},
	title = {Design of Experiments: An Introduction based on Linear Models},
	year = {2011}}

@article{BM1986,
	author = {Box, G. E. P. and Meyer, R. D.},
	date-added = {2018-07-22 10:02:16 +0000},
	date-modified = {2018-07-22 10:06:19 +0000},
	journal = {Technometrics},
	pages = {11--18},
	title = {An analysis of unreplicated fractional factorials},
	volume = {28},
	year = {1986}}

@article{GT2012,
	author = {Gilmour, S. G. and Trinca, L. A.},
	date-added = {2018-07-22 09:55:06 +0000},
	date-modified = {2018-07-22 10:02:05 +0000},
	journal = {Journal of the Royal Statistical Society C},
	pages = {345--401},
	title = {Optimum design of experiments for statistical inference (with discussion)},
	volume = {61},
	year = {2012}}

@article{OW2017,
	author = {Overstall, A. M. and Woods, D. C.},
	date-added = {2018-07-17 08:45:31 +0000},
	date-modified = {2018-07-17 08:46:08 +0000},
	journal = {Technometrics},
	pages = {458--470},
	title = {Bayesian design of experiments using approximate coordinate exchange},
	volume = {59},
	year = {2017}}

@article{RDMP2016,
	author = {Ryan, E. G. and Drovandi, C. C. and McGree, J. M. and Pettitt, A. N.},
	date-added = {2018-07-17 08:45:12 +0000},
	date-modified = {2018-07-17 08:45:19 +0000},
	journal = {International Statistical Review},
	pages = {128--154},
	title = {A review of modern computational algorithms for {B}ayesian optimal design},
	volume = {84},
	year = {2016}}

@article{CV1995,
	author = {Chaloner, K. and Verdinelli, I.},
	date-added = {2018-07-17 08:41:14 +0000},
	date-modified = {2018-07-17 08:42:21 +0000},
	journal = {Statistical Science},
	pages = {273--304},
	title = {Bayesian experimental design: a review},
	volume = {10},
	year = {1995}}

@book{ADT2007,
	address = {Oxford},
	author = {Atkinson, A. C. and Donev, A. N. and Tobias, R. D.},
	date-added = {2018-07-17 08:38:20 +0000},
	date-modified = {2018-07-17 08:39:09 +0000},
	edition = {2nd},
	publisher = {Oxford University Press},
	title = {Optimum Experimental Design, with SAS},
	year = {2007}}

@book{GJJ2002,
	address = {Oxford},
	author = {Garthwaite, P. H. and Jolliffe, I . T. and Jones, B.},
	date-added = {2018-07-17 07:53:50 +0000},
	date-modified = {2018-07-17 07:55:25 +0000},
	edition = {2nd},
	publisher = {Oxford University Press},
	title = {Statistical Inference},
	year = {2002}}

@book{WH2009,
	address = {New York},
	author = {Wu, C. F. J. and Hamada, M.},
	date-added = {2018-07-09 15:46:24 +0000},
	date-modified = {2018-07-09 15:48:16 +0000},
	edition = {2nd},
	publisher = {Wiley},
	title = {Experiments: Planning, Analysis, and Parameter Design Optimization},
	year = {2009}}
